%% LaTeX2e file `references.bib'
%% generated by the `filecontents' environment
%% from source `template' on 2024/12/11.
%%

@article{lu2024aiscientist,
  title={The {AI} {S}cientist: Towards Fully Automated Open-Ended Scientific Discovery},
  author={Lu, Chris and Lu, Cong and Lange, Robert Tjarko and Foerster, Jakob and Clune, Jeff and Ha, David},
  journal={arXiv preprint arXiv:2408.06292},
  year={2024}
}

@article{howard2019mobilenetv3,
  title={{MobileNetV3}: Searching for {MobileNetV3}},
  author={Howard, Andrew and Sandler, Mark and Chu, Grace and Chen, Liang-Chieh and Chen, Bo and Tan, Mingxing and Wang, Weijun and Zhu, Yukun and Pang, Ruoming and Vasudevan, Vijay and Le, Quoc V and Adam, Hartwig},
  journal={arXiv preprint arXiv:1905.02244},
  year={2019}
}

@article{he2016deep,
  title={Deep Residual Learning for Image Recognition},
  author={He, Kaiming and Zhang, Xiangyu and Ren, Shaoqing and Sun, Jian},
  journal={arXiv preprint arXiv:1512.03385},
  year={2016}
}

@article{simonyan2014very,
  title={Very Deep Convolutional Networks for Large-Scale Image Recognition},
  author={Simonyan, Karen and Zisserman, Andrew},
  journal={arXiv preprint arXiv:1409.1556},
  year={2014}
}

@article{redmon2016you,
  title={You Only Look Once: Unified, Real-Time Object Detection},
  author={Redmon, Joseph and Divvala, Santosh and Girshick, Ross and Farhadi, Ali},
  journal={arXiv preprint arXiv:1506.02640},
  year={2016}
}

@article{ren2015faster,
  title={Faster {R-CNN}: Towards Real-Time Object Detection with Region Proposal Networks},
  author={Ren, Shaoqing and He, Kaiming and Girshick, Ross and Sun, Jian},
  journal={arXiv preprint arXiv:1506.01497},
  year={2015}
}

@article{tan2019efficientnet,
  title={{EfficientNet}: Rethinking Model Scaling for Convolutional Neural Networks},
  author={Tan, Mingxing and Le, Quoc V},
  journal={arXiv preprint arXiv:1905.11946},
  year={2019}
}

@article{huang2017densely,
  title={Densely Connected Convolutional Networks},
  author={Huang, Gao and Liu, Zhuang and Van Der Maaten, Laurens and Weinberger, Kilian Q},
  journal={arXiv preprint arXiv:1608.06993},
  year={2017}
}

@article{vaswani2017attention,
  title={Attention Is All You Need},
  author={Vaswani, Ashish and Shazeer, Noam and Parmar, Niki and Uszkoreit, Jakob and Jones, Llion and Gomez, Aidan N and Kaiser, Łukasz and Polosukhin, Illia},
  journal={arXiv preprint arXiv:1706.03762},
  year={2017}
}

@article{dosovitskiy2020image,
  title={An Image is Worth 16x16 Words: Transformers for Image Recognition at Scale},
  author={Dosovitskiy, Alexey and Beyer, Lucas and Kolesnikov, Alexander and Weissenborn, Dirk and Zhai, Xiaohua and Unterthiner, Thomas and Dehghani, Mostafa and Minderer, Matthias and Heigold, Georg and Gelly, Sylvain and Uszkoreit, Jakob and Houlsby, Neil},
  journal={arXiv preprint arXiv:2010.11929},
  year={2020}
}

@Article{Liu2023TowardsUD,
 author = {Yuchen Liu and Yabo Chen and Mengran Gou and Chun-Ting Huang and Yaoming Wang and Wenrui Dai and Hongkai Xiong},
 booktitle = {IEEE International Conference on Computer Vision},
 journal = {2023 IEEE/CVF International Conference on Computer Vision (ICCV)},
 pages = {20597-20607},
 title = {Towards Unsupervised Domain Generalization for Face Anti-Spoofing},
 year = {2023}
}


@Inproceedings{Yamagishi2019ASVspoof2T,
 author = {J. Yamagishi and M. Todisco and Sahidullah and Héctor Delgado and Xin Wang and Nicolas Evans and T. Kinnunen and Kong Aik LEE and Ville Vestman and A. Nautsch},
 title = {ASVspoof 2019: The 3rd Automatic Speaker Verification Spoofing and Countermeasures Challenge database},
 year = {2019}
}


@Article{Wang2019TheA2,
 author = {Xin Wang and J. Yamagishi and M. Todisco and Héctor Delgado and A. Nautsch and N. Evans and Md. Sahidullah and Ville Vestman and T. Kinnunen and Kong Aik LEE and Lauri Juvela and P. Alku and Yu-Huai Peng and Hsin-Te Hwang and Yu Tsao and Hsin-Min Wang and Sébastien Le Maguer and Markus Becker and Fergus Henderson and R. Clark and Yu Zhang and Quan Wang and Ye Jia and Kai Onuma and Koji Mushika and Takashi Kaneda and Yuan Jiang and Li-Juan Liu and Yi-Chiao Wu and Wen-Chin Huang and T. Toda and Kou Tanaka and H. Kameoka and I. Steiner and D. Matrouf and J. Bonastre and Avashna Govender and S. Ronanki and Jing-Xuan Zhang and Zhenhua Ling},
 booktitle = {arXiv.org},
 journal = {ArXiv},
 title = {The ASVspoof 2019 database},
 volume = {abs/1911.01601},
 year = {2019}
}


@Article{Feng2019SHNUAS,
 author = {Zhimin Feng and Qiqi Tong and Yanhua Long and Shuang Wei and Chunxia Yang and Qiaozheng Zhang},
 booktitle = {Asia-Pacific Signal and Information Processing Association Annual Summit and Conference},
 journal = {2019 Asia-Pacific Signal and Information Processing Association Annual Summit and Conference (APSIPA ASC)},
 pages = {548-552},
 title = {SHNU Anti-spoofing Systems for ASVspoof 2019 Challenge},
 year = {2019}
}


@Article{Wang2019TheA2,
 author = {Xin Wang and J. Yamagishi and M. Todisco and Héctor Delgado and A. Nautsch and N. Evans and Md. Sahidullah and Ville Vestman and T. Kinnunen and Kong Aik LEE and Lauri Juvela and P. Alku and Yu-Huai Peng and Hsin-Te Hwang and Yu Tsao and Hsin-Min Wang and Sébastien Le Maguer and Markus Becker and Fergus Henderson and R. Clark and Yu Zhang and Quan Wang and Ye Jia and Kai Onuma and Koji Mushika and Takashi Kaneda and Yuan Jiang and Li-Juan Liu and Yi-Chiao Wu and Wen-Chin Huang and T. Toda and Kou Tanaka and H. Kameoka and I. Steiner and D. Matrouf and J. Bonastre and Avashna Govender and S. Ronanki and Jing-Xuan Zhang and Zhenhua Ling},
 booktitle = {arXiv.org},
 journal = {ArXiv},
 title = {The ASVspoof 2019 database},
 volume = {abs/1911.01601},
 year = {2019}
}


@Article{Feng2019SHNUAS,
 author = {Zhimin Feng and Qiqi Tong and Yanhua Long and Shuang Wei and Chunxia Yang and Qiaozheng Zhang},
 booktitle = {Asia-Pacific Signal and Information Processing Association Annual Summit and Conference},
 journal = {2019 Asia-Pacific Signal and Information Processing Association Annual Summit and Conference (APSIPA ASC)},
 pages = {548-552},
 title = {SHNU Anti-spoofing Systems for ASVspoof 2019 Challenge},
 year = {2019}
}


@Article{Sabaghi2021DeepLM,
 author = {Arian Sabaghi and Marzieh Oghbaie and Kooshan Hashemifard and Mohammad Akbari},
 booktitle = {arXiv.org},
 journal = {ArXiv},
 title = {Deep Learning meets Liveness Detection: Recent Advancements and Challenges},
 volume = {abs/2112.14796},
 year = {2021}
}


@Inproceedings{Wu2015SpoofingAA,
 author = {Zhizheng Wu and T. Kinnunen and N. Evans and J. Yamagishi},
 title = {Spoofing and Anti-Spoofing: A Shared View of Speaker Verification, Speech Synthesis and Voice Conversion},
 year = {2015}
}


@Article{Lavrentyeva2016AntispoofingMF,
 author = {G. Lavrentyeva and Sergey Novoselov and K. Simonchik},
 booktitle = {International Joint Conference on the Analysis of Images, Social Networks and Texts},
 pages = {172-184},
 title = {Anti-spoofing Methods for Automatic Speaker Verification System},
 year = {2016}
}


@Inproceedings{Akhtar2017BiometricSA,
 author = {Z. Akhtar},
 pages = {121-139},
 title = {Biometric Spoofing and Anti-Spoofing},
 year = {2017}
}


@Inproceedings{Akhtar2017BiometricSA,
 author = {Z. Akhtar},
 pages = {121-139},
 title = {Biometric Spoofing and Anti-Spoofing},
 year = {2017}
}

