%% LaTeX2e file `references.bib'
%% generated by the `filecontents' environment
%% from source `template' on 2024/12/11.
%%

@article{lu2024aiscientist,
  title={The {AI} {S}cientist: Towards Fully Automated Open-Ended Scientific Discovery},
  author={Lu, Chris and Lu, Cong and Lange, Robert Tjarko and Foerster, Jakob and Clune, Jeff and Ha, David},
  journal={arXiv preprint arXiv:2408.06292},
  year={2024}
}

@article{howard2019mobilenetv3,
  title={{MobileNetV3}: Searching for {MobileNetV3}},
  author={Howard, Andrew and Sandler, Mark and Chu, Grace and Chen, Liang-Chieh and Chen, Bo and Tan, Mingxing and Wang, Weijun and Zhu, Yukun and Pang, Ruoming and Vasudevan, Vijay and Le, Quoc V and Adam, Hartwig},
  journal={arXiv preprint arXiv:1905.02244},
  year={2019}
}

@article{he2016deep,
  title={Deep Residual Learning for Image Recognition},
  author={He, Kaiming and Zhang, Xiangyu and Ren, Shaoqing and Sun, Jian},
  journal={arXiv preprint arXiv:1512.03385},
  year={2016}
}

@article{simonyan2014very,
  title={Very Deep Convolutional Networks for Large-Scale Image Recognition},
  author={Simonyan, Karen and Zisserman, Andrew},
  journal={arXiv preprint arXiv:1409.1556},
  year={2014}
}

@article{redmon2016you,
  title={You Only Look Once: Unified, Real-Time Object Detection},
  author={Redmon, Joseph and Divvala, Santosh and Girshick, Ross and Farhadi, Ali},
  journal={arXiv preprint arXiv:1506.02640},
  year={2016}
}

@article{ren2015faster,
  title={Faster {R-CNN}: Towards Real-Time Object Detection with Region Proposal Networks},
  author={Ren, Shaoqing and He, Kaiming and Girshick, Ross and Sun, Jian},
  journal={arXiv preprint arXiv:1506.01497},
  year={2015}
}

@article{tan2019efficientnet,
  title={{EfficientNet}: Rethinking Model Scaling for Convolutional Neural Networks},
  author={Tan, Mingxing and Le, Quoc V},
  journal={arXiv preprint arXiv:1905.11946},
  year={2019}
}

@article{huang2017densely,
  title={Densely Connected Convolutional Networks},
  author={Huang, Gao and Liu, Zhuang and Van Der Maaten, Laurens and Weinberger, Kilian Q},
  journal={arXiv preprint arXiv:1608.06993},
  year={2017}
}

@article{vaswani2017attention,
  title={Attention Is All You Need},
  author={Vaswani, Ashish and Shazeer, Noam and Parmar, Niki and Uszkoreit, Jakob and Jones, Llion and Gomez, Aidan N and Kaiser, Łukasz and Polosukhin, Illia},
  journal={arXiv preprint arXiv:1706.03762},
  year={2017}
}

@article{dosovitskiy2020image,
  title={An Image is Worth 16x16 Words: Transformers for Image Recognition at Scale},
  author={Dosovitskiy, Alexey and Beyer, Lucas and Kolesnikov, Alexander and Weissenborn, Dirk and Zhai, Xiaohua and Unterthiner, Thomas and Dehghani, Mostafa and Minderer, Matthias and Heigold, Georg and Gelly, Sylvain and Uszkoreit, Jakob and Houlsby, Neil},
  journal={arXiv preprint arXiv:2010.11929},
  year={2020}
}

@Article{Lai2018AttentiveFN,
 author = {Cheng-I Lai and A. Abad and Korin Richmond and J. Yamagishi and N. Dehak and Simon King},
 booktitle = {IEEE International Conference on Acoustics, Speech, and Signal Processing},
 journal = {ICASSP 2019 - 2019 IEEE International Conference on Acoustics, Speech and Signal Processing (ICASSP)},
 pages = {6316-6320},
 title = {Attentive Filtering Networks for Audio Replay Attack Detection},
 year = {2018}
}


@Article{Hansen2022AudioAU,
 author = {J. Hansen and Zhenyu Wang},
 booktitle = {Interspeech},
 journal = {ArXiv},
 title = {Audio Anti-spoofing Using Simple Attention Module and Joint Optimization Based on Additive Angular Margin Loss and Meta-learning},
 volume = {abs/2211.09898},
 year = {2022}
}

@Conference{Tran2024EVAASCAEV,
 author = {Nghi C. Tran and Bima Prihasto and P. Le and Thao Tran and Chun-Shien Lu and Jia-Ching Wang},
 booktitle = {Conference on Algebraic Informatics},
 journal = {2024 IEEE Conference on Artificial Intelligence (CAI)},
 pages = {537-540},
 title = {EVA-ASCA: Enhancing Voice Anti-Spoofing through Attention-based Similarity Weights and Contrastive Negative Attractors},
 year = {2024}
}


@Article{Hansen2022AudioAU,
 author = {J. Hansen and Zhenyu Wang},
 booktitle = {Interspeech},
 journal = {ArXiv},
 title = {Audio Anti-spoofing Using Simple Attention Module and Joint Optimization Based on Additive Angular Margin Loss and Meta-learning},
 volume = {abs/2211.09898},
 year = {2022}
}


@Article{Hansen2022AudioAU,
 author = {J. Hansen and Zhenyu Wang},
 booktitle = {Interspeech},
 journal = {ArXiv},
 title = {Audio Anti-spoofing Using Simple Attention Module and Joint Optimization Based on Additive Angular Margin Loss and Meta-learning},
 volume = {abs/2211.09898},
 year = {2022}
}


@Article{Scardapane2017OnTU,
 author = {Simone Scardapane and Lucas Stoffl and Florian Röhrbein and A. Uncini},
 booktitle = {IEEE International Joint Conference on Neural Network},
 journal = {2017 International Joint Conference on Neural Networks (IJCNN)},
 pages = {3483-3490},
 title = {On the use of deep recurrent neural networks for detecting audio spoofing attacks},
 year = {2017}
}


@Article{Lai2018AttentiveFN,
 author = {Cheng-I Lai and A. Abad and Korin Richmond and J. Yamagishi and N. Dehak and Simon King},
 booktitle = {IEEE International Conference on Acoustics, Speech, and Signal Processing},
 journal = {ICASSP 2019 - 2019 IEEE International Conference on Acoustics, Speech and Signal Processing (ICASSP)},
 pages = {6316-6320},
 title = {Attentive Filtering Networks for Audio Replay Attack Detection},
 year = {2018}
}


@Article{Hansen2022AudioAU,
 author = {J. Hansen and Zhenyu Wang},
 booktitle = {Interspeech},
 journal = {ArXiv},
 title = {Audio Anti-spoofing Using Simple Attention Module and Joint Optimization Based on Additive Angular Margin Loss and Meta-learning},
 volume = {abs/2211.09898},
 year = {2022}
}


@Article{Hansen2022AudioAU,
 author = {J. Hansen and Zhenyu Wang},
 booktitle = {Interspeech},
 journal = {ArXiv},
 title = {Audio Anti-spoofing Using Simple Attention Module and Joint Optimization Based on Additive Angular Margin Loss and Meta-learning},
 volume = {abs/2211.09898},
 year = {2022}
}


@Article{Hansen2022AudioAU,
 author = {J. Hansen and Zhenyu Wang},
 booktitle = {Interspeech},
 journal = {ArXiv},
 title = {Audio Anti-spoofing Using Simple Attention Module and Joint Optimization Based on Additive Angular Margin Loss and Meta-learning},
 volume = {abs/2211.09898},
 year = {2022}
}


@Article{Hansen2022AudioAU,
 author = {J. Hansen and Zhenyu Wang},
 booktitle = {Interspeech},
 journal = {ArXiv},
 title = {Audio Anti-spoofing Using Simple Attention Module and Joint Optimization Based on Additive Angular Margin Loss and Meta-learning},
 volume = {abs/2211.09898},
 year = {2022}
}

